<?xml version="1.0" encoding="UTF-8"?><collection xmlns="http://www.loc.gov/MARC21/slim"><record><leader>00327nam--2200121-i-4500</leader><controlfield tag="001">000016267</controlfield><controlfield tag="002">20161230</controlfield><controlfield tag="005">20161230201031</controlfield><controlfield tag="008">060222s1000------------r-----000-0-eng-d</controlfield><datafield ind1=" " ind2=" " tag="100"><subfield code="a">Fouret,Rene</subfield></datafield><datafield ind1=" " ind2=" " tag="245"><subfield code="a">Etude de la diffusion des rayons x par un cristal d antimoine.theses</subfield></datafield><datafield ind1=" " ind2=" " tag="260"><subfield code="a">Lille,Universite,1963. 36p</subfield></datafield><datafield ind1=" " ind2=" " tag="852"><subfield code="a">77967</subfield></datafield></record></collection>